<?xml version="1.0" encoding="UTF-8"?><collection xmlns="http://www.loc.gov/MARC21/slim"><record><leader>00380nam--2200133-i-4500</leader><controlfield tag="001">000029520</controlfield><controlfield tag="002">20161230</controlfield><controlfield tag="005">20161230201037</controlfield><controlfield tag="008">060222s1000------------r-----000-0-eng-d</controlfield><datafield ind1=" " ind2=" " tag="080"><subfield code="a">13200</subfield></datafield><datafield ind1=" " ind2=" " tag="100"><subfield code="a">Lot, Fernand</subfield></datafield><datafield ind1=" " ind2=" " tag="245"><subfield code="a">Les isotopes radioactifs, agent therapeutiques et prodigieux `espions`</subfield></datafield><datafield ind1=" " ind2=" " tag="260"><subfield code="a">Paris, Hachette, 1952, 186/191p.</subfield></datafield><datafield ind1=" " ind2=" " tag="490"><subfield code="a">Bibliotheque Des Merveilles</subfield></datafield></record></collection>